@inproceedings{miller1988overview,
  title={An overview of {$\lambda$Prolog}},
  author={Miller, Dale and Nadathur, Gopalan},
  booktitle={ICLP},
  year={1988}
}

@article{nanevski2008contextual,
  author    = {Nanevski, A. and
               Pfenning, F. and
               Pientka, B.},
  title     = {Contextual modal type theory},
  journal   = {ACM Transactions on Computational Logic},
  volume    = {9},
  number    = {3},
  year      = {2008}
}

@book{felleisen2009semantics,
  title={Semantics engineering with PLT Redex},
  author={Felleisen, Matthias and Findler, Robert Bruce and Flatt, Matthew},
  year={2009},
  publisher={Mit Press}
}

@article{rosu2010overview,
  title={An overview of the {K} semantic framework},
  author={Ro{\c{s}}u, G. and {\c{S}}erb{\u{a}}nut{\u{a}}, T.},
  journal={JLAP},
  year={2010},
}

@inproceedings{ellison2009rewriting,
  title={A rewriting logic approach to type inference},
  author={Ellison, C. and {\c{S}}erb{\u{a}}nu{\c{t}}{\u{a}}, T. and Ro{\c{s}}u, G.},
  booktitle={WADT},
  year={2009},
}

@inproceedings{rose2011crsx,
  title={{CRSX} -- combinatory reduction systems with extensions},
  author={Rose, Kristoffer H},
  booktitle={LIPIcs},
  year={2011},
}

@inproceedings{kats2010spoofax,
 author = {Kats, L. and Visser, E.},
 title = {The {Spoofax} Language Workbench: Rules for Declarative Specification of Languages and {IDEs}},
 booktitle = {OOPSLA},
 year = {2010},
} 

@article{pfenning1999system,
  title={{System description: {Twelf} -- a meta-logical framework for deductive systems}},
  author={Pfenning, F. and Sch{\"u}rmann, C.},
  journal={LNCS},
  year={1999},
}

@inproceedings{pientka2010beluga,
  title={{Beluga}: a framework for programming and reasoning with deductive systems (system description)},
  author={Pientka, Brigitte and Dunfield, Joshua},
  booktitle={IJCAR},
  year={2010},
}

